%% This BibTeX bibliography file was created using BibDesk.
%% http://bibdesk.sourceforge.net/


%% Created for Quinn Batten at 2017-02-24 12:57:47 -0600 


%% Saved with string encoding Unicode (UTF-8) 



@webpage{obama,
	Author = {The White House},
	Date-Added = {2017-02-24 17:23:50 +0000},
	Date-Modified = {2017-02-24 18:53:45 +0000},
	Lastchecked = {Feb. 15, 2017},
	Month = {Nov},
	Title = {Celebrating President Obama's Top 10 Actions to Advance Entrepreneurship, and Announcing New Steps to Build on These Successes},
	Url = {https://obamawhitehouse.archives.gov/the-press-office/2016/11/30/fact-sheet-celebrating-president-obamas-top-10-actions-advance},
	Urldate = {Nov 2016},
	Year = {2016},
	Bdsk-Url-1 = {https://obamawhitehouse.archives.gov/the-press-office/2016/11/30/fact-sheet-celebrating-president-obamas-top-10-actions-advance}}

@techreport{sparse,
	Author = {Davis, Richard A., and Penfei Zang, and Tian Zheng},
	Date-Added = {2017-02-24 06:53:08 +0000},
	Date-Modified = {2017-02-24 06:55:04 +0000},
	Institution = {Columbia University},
	Month = {July},
	Title = {Sparse Vector Autoregressive Modeling},
	Year = {2012}}

@book{lutkepohl,
	Author = {L{\"u}tkepohl, Helmut},
	Date-Added = {2017-02-24 06:50:10 +0000},
	Date-Modified = {2017-02-24 06:51:42 +0000},
	Publisher = {Springer},
	Title = {Introduction to Multiple Time Series Analysis},
	Year = {2005}}

@article{engle87,
	Author = {Engle, Robert F., and Granger, C. W. J.},
	Date-Added = {2017-02-24 06:47:18 +0000},
	Date-Modified = {2017-02-24 06:48:17 +0000},
	Journal = {Econometrica},
	Month = {Mar},
	Number = {2},
	Pages = {251-276},
	Title = {Cointegration and Error Correction: Representation, Estimation, and Testing},
	Volume = {55},
	Year = {1987}}

@book{schumpeter,
	Author = {Schumpeter, Joseph A.},
	Date-Added = {2017-02-24 06:38:20 +0000},
	Date-Modified = {2017-02-24 06:39:16 +0000},
	Publisher = {Harvard University Press},
	Title = {The Theory of Economic Development: An Inquiry into Profits, Capital, Credit, Interest, and the Business Cycle},
	Year = {1934}}

@book{scp,
	Author = {Weiss, Leonard W., and David B. Audretsch, and Hideki Yamawaki},
	Date-Added = {2017-02-24 06:36:35 +0000},
	Date-Modified = {2017-02-24 06:37:49 +0000},
	Publisher = {New York University Press},
	Title = {Structure, Conduct, and Performance},
	Year = {1991}}

@book{knight,
	Author = {Knight, Frank H.},
	Date-Added = {2017-02-24 06:34:45 +0000},
	Date-Modified = {2017-02-24 06:36:20 +0000},
	Publisher = {Houghton},
	Title = {Risk, Uncertainty, and Profit},
	Year = {1921}}

@techreport{audretsch98,
	Author = {Audretsch, David B., and Roy Thurik},
	Date-Added = {2017-02-24 03:04:40 +0000},
	Date-Modified = {2017-02-24 03:17:27 +0000},
	Institution = {EIM},
	Month = {Aug},
	Title = {The Knowledge Society, Entrepreneurship and Unemployment},
	Type = {Research Report},
	Year = {1998},
	Bdsk-File-1 = {YnBsaXN0MDDUAQIDBAUGJCVYJHZlcnNpb25YJG9iamVjdHNZJGFyY2hpdmVyVCR0b3ASAAGGoKgHCBMUFRYaIVUkbnVsbNMJCgsMDxJXTlMua2V5c1pOUy5vYmplY3RzViRjbGFzc6INDoACgAOiEBGABIAFgAdccmVsYXRpdmVQYXRoWWFsaWFzRGF0YV8QHU9sZC9SZGluZ3MvQXVkcmV0c2NoXzE5OTgucGRm0hcLGBlXTlMuZGF0YU8RAdwAAAAAAdwAAgAADE1hY2ludG9zaCBIRAAAAAAAAAAAAAAAAAAAAM1kxIpIKwAAAXF80RJBdWRyZXRzY2hfMTk5OC5wZGYAAAAAAAAAAAAAAAAAAAAAAAAAAAAAAAAAAAAAAAAAAAAAAAAAAAAAAAAAAAABcXzV1CaX5QAAAAAAAAAAAAEABAAACSAAAAAAAAAAAAAAAAAAAAAGUmRpbmdzABAACAAAzWUK2gAAABEACAAA1CbeNQAAAAEAHAFxfNEBd1/tAXF8FgAN7q8ABcTJAAXEyAACEOkAAgBbTWFjaW50b3NoIEhEOlVzZXJzOgBxdWlubmJhdHRlbjoARG9jdW1lbnRzOgBDb2xsZWdlOgBDb21wczoAT2xkOgBSZGluZ3M6AEF1ZHJldHNjaF8xOTk4LnBkZgAADgAmABIAQQB1AGQAcgBlAHQAcwBjAGgAXwAxADkAOQA4AC4AcABkAGYADwAaAAwATQBhAGMAaQBuAHQAbwBzAGgAIABIAEQAEgBHVXNlcnMvcXVpbm5iYXR0ZW4vRG9jdW1lbnRzL0NvbGxlZ2UvQ29tcHMvT2xkL1JkaW5ncy9BdWRyZXRzY2hfMTk5OC5wZGYAABMAAS8AABUAAgAS//8AAIAG0hscHR5aJGNsYXNzbmFtZVgkY2xhc3Nlc11OU011dGFibGVEYXRhox0fIFZOU0RhdGFYTlNPYmplY3TSGxwiI1xOU0RpY3Rpb25hcnmiIiBfEA9OU0tleWVkQXJjaGl2ZXLRJidUcm9vdIABAAgAEQAaACMALQAyADcAQABGAE0AVQBgAGcAagBsAG4AcQBzAHUAdwCEAI4ArgCzALsCmwKdAqICrQK2AsQCyALPAtgC3QLqAu0C/wMCAwcAAAAAAAACAQAAAAAAAAAoAAAAAAAAAAAAAAAAAAADCQ==}}

@techreport{audretsch01,
	Author = {Audretsch, David B., and Martin A. Carree, and A. R. Thurik},
	Date-Added = {2017-02-24 03:04:40 +0000},
	Date-Modified = {2017-02-24 03:19:37 +0000},
	Institution = {Tinbergen Institute},
	Month = {Sep},
	Title = {Does Entrepreneurship Reduce Unemployment?},
	Type = {Discussion Paper},
	Year = {2001},
	Bdsk-File-1 = {YnBsaXN0MDDUAQIDBAUGJCVYJHZlcnNpb25YJG9iamVjdHNZJGFyY2hpdmVyVCR0b3ASAAGGoKgHCBMUFRYaIVUkbnVsbNMJCgsMDxJXTlMua2V5c1pOUy5vYmplY3RzViRjbGFzc6INDoACgAOiEBGABIAFgAdccmVsYXRpdmVQYXRoWWFsaWFzRGF0YV8QHU9sZC9SZGluZ3MvQXVkcmV0c2NoXzIwMDEucGRm0hcLGBlXTlMuZGF0YU8RAdwAAAAAAdwAAgAADE1hY2ludG9zaCBIRAAAAAAAAAAAAAAAAAAAAM1kxIpIKwAAAXF80RJBdWRyZXRzY2hfMjAwMS5wZGYAAAAAAAAAAAAAAAAAAAAAAAAAAAAAAAAAAAAAAAAAAAAAAAAAAAAAAAAAAAABcXzW1CaWlAAAAAAAAAAAAAEABAAACSAAAAAAAAAAAAAAAAAAAAAGUmRpbmdzABAACAAAzWUK2gAAABEACAAA1Cbc5AAAAAEAHAFxfNEBd1/tAXF8FgAN7q8ABcTJAAXEyAACEOkAAgBbTWFjaW50b3NoIEhEOlVzZXJzOgBxdWlubmJhdHRlbjoARG9jdW1lbnRzOgBDb2xsZWdlOgBDb21wczoAT2xkOgBSZGluZ3M6AEF1ZHJldHNjaF8yMDAxLnBkZgAADgAmABIAQQB1AGQAcgBlAHQAcwBjAGgAXwAyADAAMAAxAC4AcABkAGYADwAaAAwATQBhAGMAaQBuAHQAbwBzAGgAIABIAEQAEgBHVXNlcnMvcXVpbm5iYXR0ZW4vRG9jdW1lbnRzL0NvbGxlZ2UvQ29tcHMvT2xkL1JkaW5ncy9BdWRyZXRzY2hfMjAwMS5wZGYAABMAAS8AABUAAgAS//8AAIAG0hscHR5aJGNsYXNzbmFtZVgkY2xhc3Nlc11OU011dGFibGVEYXRhox0fIFZOU0RhdGFYTlNPYmplY3TSGxwiI1xOU0RpY3Rpb25hcnmiIiBfEA9OU0tleWVkQXJjaGl2ZXLRJidUcm9vdIABAAgAEQAaACMALQAyADcAQABGAE0AVQBgAGcAagBsAG4AcQBzAHUAdwCEAI4ArgCzALsCmwKdAqICrQK2AsQCyALPAtgC3QLqAu0C/wMCAwcAAAAAAAACAQAAAAAAAAAoAAAAAAAAAAAAAAAAAAADCQ==}}

@article{baptista07,
	Author = {Baptista, Rui, and Miguel Torres Preto},
	Date-Added = {2017-02-24 03:04:40 +0000},
	Date-Modified = {2017-02-24 03:21:05 +0000},
	Journal = {Int. J. Technology, Policy and Management},
	Number = {3},
	Pages = {215-224},
	Title = {The Dynamics of Causality Between Entrepreneurship and Unemployment},
	Volume = {7},
	Year = {2007},
	Bdsk-File-1 = {YnBsaXN0MDDUAQIDBAUGJCVYJHZlcnNpb25YJG9iamVjdHNZJGFyY2hpdmVyVCR0b3ASAAGGoKgHCBMUFRYaIVUkbnVsbNMJCgsMDxJXTlMua2V5c1pOUy5vYmplY3RzViRjbGFzc6INDoACgAOiEBGABIAFgAdccmVsYXRpdmVQYXRoWWFsaWFzRGF0YV8QHE9sZC9SZGluZ3MvQmFwdGlzdGFfMjAwNy5wZGbSFwsYGVdOUy5kYXRhTxEB1gAAAAAB1gACAAAMTWFjaW50b3NoIEhEAAAAAAAAAAAAAAAAAAAAzWTEikgrAAABcXzREUJhcHRpc3RhXzIwMDcucGRmAAAAAAAAAAAAAAAAAAAAAAAAAAAAAAAAAAAAAAAAAAAAAAAAAAAAAAAAAAAAAAFxfNnUJ+BBAAAAAAAAAAAAAQAEAAAJIAAAAAAAAAAAAAAAAAAAAAZSZGluZ3MAEAAIAADNZQraAAAAEQAIAADUKCaRAAAAAQAcAXF80QF3X+0BcXwWAA3urwAFxMkABcTIAAIQ6QACAFpNYWNpbnRvc2ggSEQ6VXNlcnM6AHF1aW5uYmF0dGVuOgBEb2N1bWVudHM6AENvbGxlZ2U6AENvbXBzOgBPbGQ6AFJkaW5nczoAQmFwdGlzdGFfMjAwNy5wZGYADgAkABEAQgBhAHAAdABpAHMAdABhAF8AMgAwADAANwAuAHAAZABmAA8AGgAMAE0AYQBjAGkAbgB0AG8AcwBoACAASABEABIARlVzZXJzL3F1aW5uYmF0dGVuL0RvY3VtZW50cy9Db2xsZWdlL0NvbXBzL09sZC9SZGluZ3MvQmFwdGlzdGFfMjAwNy5wZGYAEwABLwAAFQACABL//wAAgAbSGxwdHlokY2xhc3NuYW1lWCRjbGFzc2VzXU5TTXV0YWJsZURhdGGjHR8gVk5TRGF0YVhOU09iamVjdNIbHCIjXE5TRGljdGlvbmFyeaIiIF8QD05TS2V5ZWRBcmNoaXZlctEmJ1Ryb290gAEACAARABoAIwAtADIANwBAAEYATQBVAGAAZwBqAGwAbgBxAHMAdQB3AIQAjgCtALIAugKUApYCmwKmAq8CvQLBAsgC0QLWAuMC5gL4AvsDAAAAAAAAAAIBAAAAAAAAACgAAAAAAAAAAAAAAAAAAAMC}}

@article{berglann11,
	Author = {Berglann, Helge and Espen R. Moen, and Knut R{\o}ed, and Jens Fredrik Skogstr{\o}m},
	Date-Added = {2017-02-24 03:04:40 +0000},
	Date-Modified = {2017-02-24 03:12:57 +0000},
	Doi = {10.1016/j.labeco.2010.10.002},
	Issn = {0927-5371},
	Journal = {Labour Economics},
	Month = {Apr},
	Number = {2},
	Pages = {180--193},
	Publisher = {Elsevier BV},
	Title = {Entrepreneurship: Origins and returns},
	Url = {http://dx.doi.org/10.1016/j.labeco.2010.10.002},
	Volume = {18},
	Year = {2011},
	Bdsk-File-1 = {YnBsaXN0MDDUAQIDBAUGJCVYJHZlcnNpb25YJG9iamVjdHNZJGFyY2hpdmVyVCR0b3ASAAGGoKgHCBMUFRYaIVUkbnVsbNMJCgsMDxJXTlMua2V5c1pOUy5vYmplY3RzViRjbGFzc6INDoACgAOiEBGABIAFgAdccmVsYXRpdmVQYXRoWWFsaWFzRGF0YV8QHE9sZC9SZGluZ3MvQmVyZ2xhbm5fMjAxMS5wZGbSFwsYGVdOUy5kYXRhTxEB1gAAAAAB1gACAAAMTWFjaW50b3NoIEhEAAAAAAAAAAAAAAAAAAAAzWTEikgrAAABcXzREUJlcmdsYW5uXzIwMTEucGRmAAAAAAAAAAAAAAAAAAAAAAAAAAAAAAAAAAAAAAAAAAAAAAAAAAAAAAAAAAAAAAFxfOHUnS1aAAAAAAAAAAAAAQAEAAAJIAAAAAAAAAAAAAAAAAAAAAZSZGluZ3MAEAAIAADNZQraAAAAEQAIAADUnYG6AAAAAQAcAXF80QF3X+0BcXwWAA3urwAFxMkABcTIAAIQ6QACAFpNYWNpbnRvc2ggSEQ6VXNlcnM6AHF1aW5uYmF0dGVuOgBEb2N1bWVudHM6AENvbGxlZ2U6AENvbXBzOgBPbGQ6AFJkaW5nczoAQmVyZ2xhbm5fMjAxMS5wZGYADgAkABEAQgBlAHIAZwBsAGEAbgBuAF8AMgAwADEAMQAuAHAAZABmAA8AGgAMAE0AYQBjAGkAbgB0AG8AcwBoACAASABEABIARlVzZXJzL3F1aW5uYmF0dGVuL0RvY3VtZW50cy9Db2xsZWdlL0NvbXBzL09sZC9SZGluZ3MvQmVyZ2xhbm5fMjAxMS5wZGYAEwABLwAAFQACABL//wAAgAbSGxwdHlokY2xhc3NuYW1lWCRjbGFzc2VzXU5TTXV0YWJsZURhdGGjHR8gVk5TRGF0YVhOU09iamVjdNIbHCIjXE5TRGljdGlvbmFyeaIiIF8QD05TS2V5ZWRBcmNoaXZlctEmJ1Ryb290gAEACAARABoAIwAtADIANwBAAEYATQBVAGAAZwBqAGwAbgBxAHMAdQB3AIQAjgCtALIAugKUApYCmwKmAq8CvQLBAsgC0QLWAuMC5gL4AvsDAAAAAAAAAAIBAAAAAAAAACgAAAAAAAAAAAAAAAAAAAMC},
	Bdsk-Url-1 = {http://dx.doi.org/10.1016/j.labeco.2010.10.002}}

@article{dejardin11,
	Author = {Dejardin, Marcus, and Michael Fritsch},
	Date-Added = {2017-02-24 03:04:40 +0000},
	Date-Modified = {2017-02-24 03:22:09 +0000},
	Journal = {Small Business Economics},
	Month = {May},
	Number = {4},
	Pages = {377-382},
	Title = {Entrepreneurial Dynamics and Regional Growth},
	Volume = {36},
	Year = {2011},
	Bdsk-File-1 = {YnBsaXN0MDDUAQIDBAUGJCVYJHZlcnNpb25YJG9iamVjdHNZJGFyY2hpdmVyVCR0b3ASAAGGoKgHCBMUFRYaIVUkbnVsbNMJCgsMDxJXTlMua2V5c1pOUy5vYmplY3RzViRjbGFzc6INDoACgAOiEBGABIAFgAdccmVsYXRpdmVQYXRoWWFsaWFzRGF0YV8QHE9sZC9SZGluZ3MvRGVqYXJkaW5fMjAxMS5wZGbSFwsYGVdOUy5kYXRhTxEB1gAAAAAB1gACAAAMTWFjaW50b3NoIEhEAAAAAAAAAAAAAAAAAAAAzWTEikgrAAABcXzREURlamFyZGluXzIwMTEucGRmAAAAAAAAAAAAAAAAAAAAAAAAAAAAAAAAAAAAAAAAAAAAAAAAAAAAAAAAAAAAAAFxfOTUJ93nAAAAAAAAAAAAAQAEAAAJIAAAAAAAAAAAAAAAAAAAAAZSZGluZ3MAEAAIAADNZQraAAAAEQAIAADUKCQ3AAAAAQAcAXF80QF3X+0BcXwWAA3urwAFxMkABcTIAAIQ6QACAFpNYWNpbnRvc2ggSEQ6VXNlcnM6AHF1aW5uYmF0dGVuOgBEb2N1bWVudHM6AENvbGxlZ2U6AENvbXBzOgBPbGQ6AFJkaW5nczoARGVqYXJkaW5fMjAxMS5wZGYADgAkABEARABlAGoAYQByAGQAaQBuAF8AMgAwADEAMQAuAHAAZABmAA8AGgAMAE0AYQBjAGkAbgB0AG8AcwBoACAASABEABIARlVzZXJzL3F1aW5uYmF0dGVuL0RvY3VtZW50cy9Db2xsZWdlL0NvbXBzL09sZC9SZGluZ3MvRGVqYXJkaW5fMjAxMS5wZGYAEwABLwAAFQACABL//wAAgAbSGxwdHlokY2xhc3NuYW1lWCRjbGFzc2VzXU5TTXV0YWJsZURhdGGjHR8gVk5TRGF0YVhOU09iamVjdNIbHCIjXE5TRGljdGlvbmFyeaIiIF8QD05TS2V5ZWRBcmNoaXZlctEmJ1Ryb290gAEACAARABoAIwAtADIANwBAAEYATQBVAGAAZwBqAGwAbgBxAHMAdQB3AIQAjgCtALIAugKUApYCmwKmAq8CvQLBAsgC0QLWAuMC5gL4AvsDAAAAAAAAAAIBAAAAAAAAACgAAAAAAAAAAAAAAAAAAAMC}}

@article{evans87,
	Author = {Evans, David S.},
	Date-Added = {2017-02-24 03:04:40 +0000},
	Date-Modified = {2017-02-24 03:23:37 +0000},
	Journal = {The Journal of Industrial Economics},
	Month = {Jun},
	Number = {4},
	Pages = {567-581},
	Title = {The Relationship Between Firm Growth, Size, and Age: Estimates for 100 Manufacturing Industries},
	Volume = {35},
	Year = {1987},
	Bdsk-File-1 = {YnBsaXN0MDDUAQIDBAUGJCVYJHZlcnNpb25YJG9iamVjdHNZJGFyY2hpdmVyVCR0b3ASAAGGoKgHCBMUFRYaIVUkbnVsbNMJCgsMDxJXTlMua2V5c1pOUy5vYmplY3RzViRjbGFzc6INDoACgAOiEBGABIAFgAdccmVsYXRpdmVQYXRoWWFsaWFzRGF0YV8QGU9sZC9SZGluZ3MvRXZhbnNfMTk4Ny5wZGbSFwsYGVdOUy5kYXRhTxEBzAAAAAABzAACAAAMTWFjaW50b3NoIEhEAAAAAAAAAAAAAAAAAAAAzWTEikgrAAABcXzRDkV2YW5zXzE5ODcucGRmAAAAAAAAAAAAAAAAAAAAAAAAAAAAAAAAAAAAAAAAAAAAAAAAAAAAAAAAAAAAAAAAAAFxfOjUpTURAAAAAAAAAAAAAQAEAAAJIAAAAAAAAAAAAAAAAAAAAAZSZGluZ3MAEAAIAADNZQraAAAAEQAIAADUpYlxAAAAAQAcAXF80QF3X+0BcXwWAA3urwAFxMkABcTIAAIQ6QACAFdNYWNpbnRvc2ggSEQ6VXNlcnM6AHF1aW5uYmF0dGVuOgBEb2N1bWVudHM6AENvbGxlZ2U6AENvbXBzOgBPbGQ6AFJkaW5nczoARXZhbnNfMTk4Ny5wZGYAAA4AHgAOAEUAdgBhAG4AcwBfADEAOQA4ADcALgBwAGQAZgAPABoADABNAGEAYwBpAG4AdABvAHMAaAAgAEgARAASAENVc2Vycy9xdWlubmJhdHRlbi9Eb2N1bWVudHMvQ29sbGVnZS9Db21wcy9PbGQvUmRpbmdzL0V2YW5zXzE5ODcucGRmAAATAAEvAAAVAAIAEv//AACABtIbHB0eWiRjbGFzc25hbWVYJGNsYXNzZXNdTlNNdXRhYmxlRGF0YaMdHyBWTlNEYXRhWE5TT2JqZWN00hscIiNcTlNEaWN0aW9uYXJ5oiIgXxAPTlNLZXllZEFyY2hpdmVy0SYnVHJvb3SAAQAIABEAGgAjAC0AMgA3AEAARgBNAFUAYABnAGoAbABuAHEAcwB1AHcAhACOAKoArwC3AocCiQKOApkCogKwArQCuwLEAskC1gLZAusC7gLzAAAAAAAAAgEAAAAAAAAAKAAAAAAAAAAAAAAAAAAAAvU=}}

@article{faria09,
	Author = {Faria, Jo{\~a}o Ricardo and Juan Carlos Cuestas, and Luis A. Gil-Alana},
	Date-Added = {2017-02-24 03:04:40 +0000},
	Date-Modified = {2017-02-24 03:14:37 +0000},
	Doi = {10.1016/j.econlet.2009.09.004},
	Issn = {0165-1765},
	Journal = {Economics Letters},
	Month = {Dec},
	Number = {3},
	Pages = {318--320},
	Publisher = {Elsevier BV},
	Title = {Unemployment and entrepreneurship: A cyclical relation?},
	Url = {http://dx.doi.org/10.1016/j.econlet.2009.09.004},
	Volume = {105},
	Year = {2009},
	Bdsk-File-1 = {YnBsaXN0MDDUAQIDBAUGJCVYJHZlcnNpb25YJG9iamVjdHNZJGFyY2hpdmVyVCR0b3ASAAGGoKgHCBMUFRYaIVUkbnVsbNMJCgsMDxJXTlMua2V5c1pOUy5vYmplY3RzViRjbGFzc6INDoACgAOiEBGABIAFgAdccmVsYXRpdmVQYXRoWWFsaWFzRGF0YV8QGU9sZC9SZGluZ3MvRmFyaWFfMjAwOS5wZGbSFwsYGVdOUy5kYXRhTxEBzAAAAAABzAACAAAMTWFjaW50b3NoIEhEAAAAAAAAAAAAAAAAAAAAzWTEikgrAAABcXzRDkZhcmlhXzIwMDkucGRmAAAAAAAAAAAAAAAAAAAAAAAAAAAAAAAAAAAAAAAAAAAAAAAAAAAAAAAAAAAAAAAAAAFxfOnUJpbDAAAAAAAAAAAAAQAEAAAJIAAAAAAAAAAAAAAAAAAAAAZSZGluZ3MAEAAIAADNZQraAAAAEQAIAADUJt0TAAAAAQAcAXF80QF3X+0BcXwWAA3urwAFxMkABcTIAAIQ6QACAFdNYWNpbnRvc2ggSEQ6VXNlcnM6AHF1aW5uYmF0dGVuOgBEb2N1bWVudHM6AENvbGxlZ2U6AENvbXBzOgBPbGQ6AFJkaW5nczoARmFyaWFfMjAwOS5wZGYAAA4AHgAOAEYAYQByAGkAYQBfADIAMAAwADkALgBwAGQAZgAPABoADABNAGEAYwBpAG4AdABvAHMAaAAgAEgARAASAENVc2Vycy9xdWlubmJhdHRlbi9Eb2N1bWVudHMvQ29sbGVnZS9Db21wcy9PbGQvUmRpbmdzL0ZhcmlhXzIwMDkucGRmAAATAAEvAAAVAAIAEv//AACABtIbHB0eWiRjbGFzc25hbWVYJGNsYXNzZXNdTlNNdXRhYmxlRGF0YaMdHyBWTlNEYXRhWE5TT2JqZWN00hscIiNcTlNEaWN0aW9uYXJ5oiIgXxAPTlNLZXllZEFyY2hpdmVy0SYnVHJvb3SAAQAIABEAGgAjAC0AMgA3AEAARgBNAFUAYABnAGoAbABuAHEAcwB1AHcAhACOAKoArwC3AocCiQKOApkCogKwArQCuwLEAskC1gLZAusC7gLzAAAAAAAAAgEAAAAAAAAAKAAAAAAAAAAAAAAAAAAAAvU=},
	Bdsk-Url-1 = {http://dx.doi.org/10.1016/j.econlet.2009.09.004}}

@article{faria10,
	Author = {Faria, Jo{\~a}o Ricardo, and Juan Carlos Cuestas, and Estefan{\'\i}a Mourelle},
	Date-Added = {2017-02-24 03:04:40 +0000},
	Date-Modified = {2017-02-24 03:12:12 +0000},
	Journal = {Economic Modelling},
	Pages = {1282--1291},
	Title = {Entrepreneurship and unemployment: A nonlinear bidirectional causality?},
	Volume = {27},
	Year = {2010},
	Bdsk-File-1 = {YnBsaXN0MDDUAQIDBAUGJCVYJHZlcnNpb25YJG9iamVjdHNZJGFyY2hpdmVyVCR0b3ASAAGGoKgHCBMUFRYaIVUkbnVsbNMJCgsMDxJXTlMua2V5c1pOUy5vYmplY3RzViRjbGFzc6INDoACgAOiEBGABIAFgAdccmVsYXRpdmVQYXRoWWFsaWFzRGF0YV8QGU9sZC9SZGluZ3MvRmFyaWFfMjAxMC5wZGbSFwsYGVdOUy5kYXRhTxEBzAAAAAABzAACAAAMTWFjaW50b3NoIEhEAAAAAAAAAAAAAAAAAAAAzWTEikgrAAABcXzRDkZhcmlhXzIwMTAucGRmAAAAAAAAAAAAAAAAAAAAAAAAAAAAAAAAAAAAAAAAAAAAAAAAAAAAAAAAAAAAAAAAAAFxfOrUJpbKAAAAAAAAAAAAAQAEAAAJIAAAAAAAAAAAAAAAAAAAAAZSZGluZ3MAEAAIAADNZQraAAAAEQAIAADUJt0aAAAAAQAcAXF80QF3X+0BcXwWAA3urwAFxMkABcTIAAIQ6QACAFdNYWNpbnRvc2ggSEQ6VXNlcnM6AHF1aW5uYmF0dGVuOgBEb2N1bWVudHM6AENvbGxlZ2U6AENvbXBzOgBPbGQ6AFJkaW5nczoARmFyaWFfMjAxMC5wZGYAAA4AHgAOAEYAYQByAGkAYQBfADIAMAAxADAALgBwAGQAZgAPABoADABNAGEAYwBpAG4AdABvAHMAaAAgAEgARAASAENVc2Vycy9xdWlubmJhdHRlbi9Eb2N1bWVudHMvQ29sbGVnZS9Db21wcy9PbGQvUmRpbmdzL0ZhcmlhXzIwMTAucGRmAAATAAEvAAAVAAIAEv//AACABtIbHB0eWiRjbGFzc25hbWVYJGNsYXNzZXNdTlNNdXRhYmxlRGF0YaMdHyBWTlNEYXRhWE5TT2JqZWN00hscIiNcTlNEaWN0aW9uYXJ5oiIgXxAPTlNLZXllZEFyY2hpdmVy0SYnVHJvb3SAAQAIABEAGgAjAC0AMgA3AEAARgBNAFUAYABnAGoAbABuAHEAcwB1AHcAhACOAKoArwC3AocCiQKOApkCogKwArQCuwLEAskC1gLZAusC7gLzAAAAAAAAAgEAAAAAAAAAKAAAAAAAAAAAAAAAAAAAAvU=}}

@article{fonseca01,
	Author = {Fonseca, Raquel, and Paloma Lopez-Garcia, and Christopher A. Pissarides},
	Date-Added = {2017-02-24 03:04:40 +0000},
	Date-Modified = {2017-02-24 03:25:02 +0000},
	Journal = {European Economic Review},
	Pages = {692-705},
	Title = {Entrepreneurship, Start-up Costs and Employment},
	Volume = {45},
	Year = {2001},
	Bdsk-File-1 = {YnBsaXN0MDDUAQIDBAUGJCVYJHZlcnNpb25YJG9iamVjdHNZJGFyY2hpdmVyVCR0b3ASAAGGoKgHCBMUFRYaIVUkbnVsbNMJCgsMDxJXTlMua2V5c1pOUy5vYmplY3RzViRjbGFzc6INDoACgAOiEBGABIAFgAdccmVsYXRpdmVQYXRoWWFsaWFzRGF0YV8QG09sZC9SZGluZ3MvRm9uc2VjYV8yMDAxLnBkZtIXCxgZV05TLmRhdGFPEQHUAAAAAAHUAAIAAAxNYWNpbnRvc2ggSEQAAAAAAAAAAAAAAAAAAADNZMSKSCsAAAFxfNEQRm9uc2VjYV8yMDAxLnBkZgAAAAAAAAAAAAAAAAAAAAAAAAAAAAAAAAAAAAAAAAAAAAAAAAAAAAAAAAAAAAAAAXF87NQn3bcAAAAAAAAAAAABAAQAAAkgAAAAAAAAAAAAAAAAAAAABlJkaW5ncwAQAAgAAM1lCtoAAAARAAgAANQoJAcAAAABABwBcXzRAXdf7QFxfBYADe6vAAXEyQAFxMgAAhDpAAIAWU1hY2ludG9zaCBIRDpVc2VyczoAcXVpbm5iYXR0ZW46AERvY3VtZW50czoAQ29sbGVnZToAQ29tcHM6AE9sZDoAUmRpbmdzOgBGb25zZWNhXzIwMDEucGRmAAAOACIAEABGAG8AbgBzAGUAYwBhAF8AMgAwADAAMQAuAHAAZABmAA8AGgAMAE0AYQBjAGkAbgB0AG8AcwBoACAASABEABIARVVzZXJzL3F1aW5uYmF0dGVuL0RvY3VtZW50cy9Db2xsZWdlL0NvbXBzL09sZC9SZGluZ3MvRm9uc2VjYV8yMDAxLnBkZgAAEwABLwAAFQACABL//wAAgAbSGxwdHlokY2xhc3NuYW1lWCRjbGFzc2VzXU5TTXV0YWJsZURhdGGjHR8gVk5TRGF0YVhOU09iamVjdNIbHCIjXE5TRGljdGlvbmFyeaIiIF8QD05TS2V5ZWRBcmNoaXZlctEmJ1Ryb290gAEACAARABoAIwAtADIANwBAAEYATQBVAGAAZwBqAGwAbgBxAHMAdQB3AIQAjgCsALEAuQKRApMCmAKjAqwCugK+AsUCzgLTAuAC4wL1AvgC/QAAAAAAAAIBAAAAAAAAACgAAAAAAAAAAAAAAAAAAAL/}}

@article{fritsch04,
	Author = {Fritsch, Michael, and Pamela Mueller},
	Date-Added = {2017-02-24 03:04:40 +0000},
	Date-Modified = {2017-02-24 03:26:40 +0000},
	Journal = {Regional Studies},
	Pages = {961-975},
	Title = {Effects of New Business Formation on Regional Development Over Time},
	Volume = {38},
	Year = {2004},
	Bdsk-File-1 = {YnBsaXN0MDDUAQIDBAUGJCVYJHZlcnNpb25YJG9iamVjdHNZJGFyY2hpdmVyVCR0b3ASAAGGoKgHCBMUFRYaIVUkbnVsbNMJCgsMDxJXTlMua2V5c1pOUy5vYmplY3RzViRjbGFzc6INDoACgAOiEBGABIAFgAdccmVsYXRpdmVQYXRoWWFsaWFzRGF0YV8QG09sZC9SZGluZ3MvRnJpdHNjaF8yMDA0LnBkZtIXCxgZV05TLmRhdGFPEQHUAAAAAAHUAAIAAAxNYWNpbnRvc2ggSEQAAAAAAAAAAAAAAAAAAADNZMSKSCsAAAFxfNEQRnJpdHNjaF8yMDA0LnBkZgAAAAAAAAAAAAAAAAAAAAAAAAAAAAAAAAAAAAAAAAAAAAAAAAAAAAAAAAAAAAAAAXF87dSlMmMAAAAAAAAAAAABAAQAAAkgAAAAAAAAAAAAAAAAAAAABlJkaW5ncwAQAAgAAM1lCtoAAAARAAgAANSlhsMAAAABABwBcXzRAXdf7QFxfBYADe6vAAXEyQAFxMgAAhDpAAIAWU1hY2ludG9zaCBIRDpVc2VyczoAcXVpbm5iYXR0ZW46AERvY3VtZW50czoAQ29sbGVnZToAQ29tcHM6AE9sZDoAUmRpbmdzOgBGcml0c2NoXzIwMDQucGRmAAAOACIAEABGAHIAaQB0AHMAYwBoAF8AMgAwADAANAAuAHAAZABmAA8AGgAMAE0AYQBjAGkAbgB0AG8AcwBoACAASABEABIARVVzZXJzL3F1aW5uYmF0dGVuL0RvY3VtZW50cy9Db2xsZWdlL0NvbXBzL09sZC9SZGluZ3MvRnJpdHNjaF8yMDA0LnBkZgAAEwABLwAAFQACABL//wAAgAbSGxwdHlokY2xhc3NuYW1lWCRjbGFzc2VzXU5TTXV0YWJsZURhdGGjHR8gVk5TRGF0YVhOU09iamVjdNIbHCIjXE5TRGljdGlvbmFyeaIiIF8QD05TS2V5ZWRBcmNoaXZlctEmJ1Ryb290gAEACAARABoAIwAtADIANwBAAEYATQBVAGAAZwBqAGwAbgBxAHMAdQB3AIQAjgCsALEAuQKRApMCmAKjAqwCugK+AsUCzgLTAuAC4wL1AvgC/QAAAAAAAAIBAAAAAAAAACgAAAAAAAAAAAAAAAAAAAL/}}

@unpublished{georgiou10,
	Author = {Georgiou, Miltiades N.},
	Date-Added = {2017-02-24 03:04:40 +0000},
	Date-Modified = {2017-02-24 03:29:54 +0000},
	Title = {Obstacles to Entrepreneurship Cause Unemployment: A Panel Data Analysis for Western Europe, Japan, and the United States},
	Year = {2010},
	Bdsk-File-1 = {YnBsaXN0MDDUAQIDBAUGJCVYJHZlcnNpb25YJG9iamVjdHNZJGFyY2hpdmVyVCR0b3ASAAGGoKgHCBMUFRYaIVUkbnVsbNMJCgsMDxJXTlMua2V5c1pOUy5vYmplY3RzViRjbGFzc6INDoACgAOiEBGABIAFgAdccmVsYXRpdmVQYXRoWWFsaWFzRGF0YV8QF09sZC9SZGluZ3MvR2Vvcmdpb3UucGRm0hcLGBlXTlMuZGF0YU8RAcQAAAAAAcQAAgAADE1hY2ludG9zaCBIRAAAAAAAAAAAAAAAAAAAAM1kxIpIKwAAAXF80QxHZW9yZ2lvdS5wZGYAAAAAAAAAAAAAAAAAAAAAAAAAAAAAAAAAAAAAAAAAAAAAAAAAAAAAAAAAAAAAAAAAAAABcXzu1CaW4QAAAAAAAAAAAAEABAAACSAAAAAAAAAAAAAAAAAAAAAGUmRpbmdzABAACAAAzWUK2gAAABEACAAA1CbdMQAAAAEAHAFxfNEBd1/tAXF8FgAN7q8ABcTJAAXEyAACEOkAAgBVTWFjaW50b3NoIEhEOlVzZXJzOgBxdWlubmJhdHRlbjoARG9jdW1lbnRzOgBDb2xsZWdlOgBDb21wczoAT2xkOgBSZGluZ3M6AEdlb3JnaW91LnBkZgAADgAaAAwARwBlAG8AcgBnAGkAbwB1AC4AcABkAGYADwAaAAwATQBhAGMAaQBuAHQAbwBzAGgAIABIAEQAEgBBVXNlcnMvcXVpbm5iYXR0ZW4vRG9jdW1lbnRzL0NvbGxlZ2UvQ29tcHMvT2xkL1JkaW5ncy9HZW9yZ2lvdS5wZGYAABMAAS8AABUAAgAS//8AAIAG0hscHR5aJGNsYXNzbmFtZVgkY2xhc3Nlc11OU011dGFibGVEYXRhox0fIFZOU0RhdGFYTlNPYmplY3TSGxwiI1xOU0RpY3Rpb25hcnmiIiBfEA9OU0tleWVkQXJjaGl2ZXLRJidUcm9vdIABAAgAEQAaACMALQAyADcAQABGAE0AVQBgAGcAagBsAG4AcQBzAHUAdwCEAI4AqACtALUCfQJ/AoQCjwKYAqYCqgKxAroCvwLMAs8C4QLkAukAAAAAAAACAQAAAAAAAAAoAAAAAAAAAAAAAAAAAAAC6w==}}

@article{geroski95,
	Author = {Geroski, P.A.},
	Date-Added = {2017-02-24 03:04:40 +0000},
	Date-Modified = {2017-02-24 03:31:01 +0000},
	Journal = {International Journal of Industrial Organization},
	Pages = {421-440},
	Title = {What Do We Know About Entry?},
	Volume = {13},
	Year = {1995},
	Bdsk-File-1 = {YnBsaXN0MDDUAQIDBAUGJCVYJHZlcnNpb25YJG9iamVjdHNZJGFyY2hpdmVyVCR0b3ASAAGGoKgHCBMUFRYaIVUkbnVsbNMJCgsMDxJXTlMua2V5c1pOUy5vYmplY3RzViRjbGFzc6INDoACgAOiEBGABIAFgAdccmVsYXRpdmVQYXRoWWFsaWFzRGF0YV8QG09sZC9SZGluZ3MvR2Vyb3NraV8xOTk1LnBkZtIXCxgZV05TLmRhdGFPEQHUAAAAAAHUAAIAAAxNYWNpbnRvc2ggSEQAAAAAAAAAAAAAAAAAAADNZMSKSCsAAAFxfNEQR2Vyb3NraV8xOTk1LnBkZgAAAAAAAAAAAAAAAAAAAAAAAAAAAAAAAAAAAAAAAAAAAAAAAAAAAAAAAAAAAAAAAXF88NSlMHQAAAAAAAAAAAABAAQAAAkgAAAAAAAAAAAAAAAAAAAABlJkaW5ncwAQAAgAAM1lCtoAAAARAAgAANSlhNQAAAABABwBcXzRAXdf7QFxfBYADe6vAAXEyQAFxMgAAhDpAAIAWU1hY2ludG9zaCBIRDpVc2VyczoAcXVpbm5iYXR0ZW46AERvY3VtZW50czoAQ29sbGVnZToAQ29tcHM6AE9sZDoAUmRpbmdzOgBHZXJvc2tpXzE5OTUucGRmAAAOACIAEABHAGUAcgBvAHMAawBpAF8AMQA5ADkANQAuAHAAZABmAA8AGgAMAE0AYQBjAGkAbgB0AG8AcwBoACAASABEABIARVVzZXJzL3F1aW5uYmF0dGVuL0RvY3VtZW50cy9Db2xsZWdlL0NvbXBzL09sZC9SZGluZ3MvR2Vyb3NraV8xOTk1LnBkZgAAEwABLwAAFQACABL//wAAgAbSGxwdHlokY2xhc3NuYW1lWCRjbGFzc2VzXU5TTXV0YWJsZURhdGGjHR8gVk5TRGF0YVhOU09iamVjdNIbHCIjXE5TRGljdGlvbmFyeaIiIF8QD05TS2V5ZWRBcmNoaXZlctEmJ1Ryb290gAEACAARABoAIwAtADIANwBAAEYATQBVAGAAZwBqAGwAbgBxAHMAdQB3AIQAjgCsALEAuQKRApMCmAKjAqwCugK+AsUCzgLTAuAC4wL1AvgC/QAAAAAAAAIBAAAAAAAAACgAAAAAAAAAAAAAAAAAAAL/}}

@article{gries09,
	Author = {Gries, Thomas, and Wim Naud{\'e}},
	Date-Added = {2017-02-24 03:04:40 +0000},
	Date-Modified = {2017-02-24 03:10:49 +0000},
	Journal = {Innovation: The European Journal of Social Science Research},
	Number = {3},
	Pages = {309--328},
	Title = {Entrepreneurship and regional economic growth: towards a general theory of start-ups},
	Volume = {22},
	Year = {2009},
	Bdsk-File-1 = {YnBsaXN0MDDUAQIDBAUGJCVYJHZlcnNpb25YJG9iamVjdHNZJGFyY2hpdmVyVCR0b3ASAAGGoKgHCBMUFRYaIVUkbnVsbNMJCgsMDxJXTlMua2V5c1pOUy5vYmplY3RzViRjbGFzc6INDoACgAOiEBGABIAFgAdccmVsYXRpdmVQYXRoWWFsaWFzRGF0YV8QGU9sZC9SZGluZ3MvR3JpZXNfMjAwOC5wZGbSFwsYGVdOUy5kYXRhTxEBzAAAAAABzAACAAAMTWFjaW50b3NoIEhEAAAAAAAAAAAAAAAAAAAAzWTEikgrAAABcXzRDkdyaWVzXzIwMDgucGRmAAAAAAAAAAAAAAAAAAAAAAAAAAAAAAAAAAAAAAAAAAAAAAAAAAAAAAAAAAAAAAAAAAFxfPPUpS+fAAAAAAAAAAAAAQAEAAAJIAAAAAAAAAAAAAAAAAAAAAZSZGluZ3MAEAAIAADNZQraAAAAEQAIAADUpYP/AAAAAQAcAXF80QF3X+0BcXwWAA3urwAFxMkABcTIAAIQ6QACAFdNYWNpbnRvc2ggSEQ6VXNlcnM6AHF1aW5uYmF0dGVuOgBEb2N1bWVudHM6AENvbGxlZ2U6AENvbXBzOgBPbGQ6AFJkaW5nczoAR3JpZXNfMjAwOC5wZGYAAA4AHgAOAEcAcgBpAGUAcwBfADIAMAAwADgALgBwAGQAZgAPABoADABNAGEAYwBpAG4AdABvAHMAaAAgAEgARAASAENVc2Vycy9xdWlubmJhdHRlbi9Eb2N1bWVudHMvQ29sbGVnZS9Db21wcy9PbGQvUmRpbmdzL0dyaWVzXzIwMDgucGRmAAATAAEvAAAVAAIAEv//AACABtIbHB0eWiRjbGFzc25hbWVYJGNsYXNzZXNdTlNNdXRhYmxlRGF0YaMdHyBWTlNEYXRhWE5TT2JqZWN00hscIiNcTlNEaWN0aW9uYXJ5oiIgXxAPTlNLZXllZEFyY2hpdmVy0SYnVHJvb3SAAQAIABEAGgAjAC0AMgA3AEAARgBNAFUAYABnAGoAbABuAHEAcwB1AHcAhACOAKoArwC3AocCiQKOApkCogKwArQCuwLEAskC1gLZAusC7gLzAAAAAAAAAgEAAAAAAAAAKAAAAAAAAAAAAAAAAAAAAvU=}}

@article{lewis09,
	Author = {Lewis, Vivien},
	Date-Added = {2017-02-24 03:04:40 +0000},
	Date-Modified = {2017-02-24 03:07:06 +0000},
	Journal = {Macroeconomic Dynamics},
	Number = {05},
	Pages = {605-624},
	Title = {Business Cycle Evidence on Firm Entry},
	Volume = {13},
	Year = {2009},
	Bdsk-File-1 = {YnBsaXN0MDDUAQIDBAUGJCVYJHZlcnNpb25YJG9iamVjdHNZJGFyY2hpdmVyVCR0b3ASAAGGoKgHCBMUFRYaIVUkbnVsbNMJCgsMDxJXTlMua2V5c1pOUy5vYmplY3RzViRjbGFzc6INDoACgAOiEBGABIAFgAdccmVsYXRpdmVQYXRoWWFsaWFzRGF0YV8QGU9sZC9SZGluZ3MvTGV3aXNfMjAwOS5wZGbSFwsYGVdOUy5kYXRhTxEBzAAAAAABzAACAAAMTWFjaW50b3NoIEhEAAAAAAAAAAAAAAAAAAAAzWTEikgrAAABcXzRDkxld2lzXzIwMDkucGRmAAAAAAAAAAAAAAAAAAAAAAAAAAAAAAAAAAAAAAAAAAAAAAAAAAAAAAAAAAAAAAAAAAFxfPXUJyepAAAAAAAAAAAAAQAEAAAJIAAAAAAAAAAAAAAAAAAAAAZSZGluZ3MAEAAIAADNZQraAAAAEQAIAADUJ235AAAAAQAcAXF80QF3X+0BcXwWAA3urwAFxMkABcTIAAIQ6QACAFdNYWNpbnRvc2ggSEQ6VXNlcnM6AHF1aW5uYmF0dGVuOgBEb2N1bWVudHM6AENvbGxlZ2U6AENvbXBzOgBPbGQ6AFJkaW5nczoATGV3aXNfMjAwOS5wZGYAAA4AHgAOAEwAZQB3AGkAcwBfADIAMAAwADkALgBwAGQAZgAPABoADABNAGEAYwBpAG4AdABvAHMAaAAgAEgARAASAENVc2Vycy9xdWlubmJhdHRlbi9Eb2N1bWVudHMvQ29sbGVnZS9Db21wcy9PbGQvUmRpbmdzL0xld2lzXzIwMDkucGRmAAATAAEvAAAVAAIAEv//AACABtIbHB0eWiRjbGFzc25hbWVYJGNsYXNzZXNdTlNNdXRhYmxlRGF0YaMdHyBWTlNEYXRhWE5TT2JqZWN00hscIiNcTlNEaWN0aW9uYXJ5oiIgXxAPTlNLZXllZEFyY2hpdmVy0SYnVHJvb3SAAQAIABEAGgAjAC0AMgA3AEAARgBNAFUAYABnAGoAbABuAHEAcwB1AHcAhACOAKoArwC3AocCiQKOApkCogKwArQCuwLEAskC1gLZAusC7gLzAAAAAAAAAgEAAAAAAAAAKAAAAAAAAAAAAAAAAAAAAvU=}}

@article{matejovsky14,
	Author = {Matejovsky, Lukas and Sandeep Mohapatra, and Bodo Steiner},
	Date-Added = {2017-02-24 03:04:40 +0000},
	Date-Modified = {2017-02-24 03:14:44 +0000},
	Doi = {10.1111/grow.12055},
	Issn = {0017-4815},
	Journal = {Growth and Change},
	Month = {May},
	Number = {4},
	Pages = {611--639},
	Publisher = {Wiley-Blackwell},
	Title = {The Dynamic Effects of Entrepreneurship on Regional Economic Growth: Evidence from Canada},
	Url = {http://dx.doi.org/10.1111/grow.12055},
	Volume = {45},
	Year = {2014},
	Bdsk-File-1 = {YnBsaXN0MDDUAQIDBAUGJCVYJHZlcnNpb25YJG9iamVjdHNZJGFyY2hpdmVyVCR0b3ASAAGGoKgHCBMUFRYaIVUkbnVsbNMJCgsMDxJXTlMua2V5c1pOUy5vYmplY3RzViRjbGFzc6INDoACgAOiEBGABIAFgAdccmVsYXRpdmVQYXRoWWFsaWFzRGF0YV8QHk9sZC9SZGluZ3MvTWF0ZWpvdnNreV8yMDE0LnBkZtIXCxgZV05TLmRhdGFPEQHeAAAAAAHeAAIAAAxNYWNpbnRvc2ggSEQAAAAAAAAAAAAAAAAAAADNZMSKSCsAAAFxfNETTWF0ZWpvdnNreV8yMDE0LnBkZgAAAAAAAAAAAAAAAAAAAAAAAAAAAAAAAAAAAAAAAAAAAAAAAAAAAAAAAAAAAXF89tQnKDYAAAAAAAAAAAABAAQAAAkgAAAAAAAAAAAAAAAAAAAABlJkaW5ncwAQAAgAAM1lCtoAAAARAAgAANQnboYAAAABABwBcXzRAXdf7QFxfBYADe6vAAXEyQAFxMgAAhDpAAIAXE1hY2ludG9zaCBIRDpVc2VyczoAcXVpbm5iYXR0ZW46AERvY3VtZW50czoAQ29sbGVnZToAQ29tcHM6AE9sZDoAUmRpbmdzOgBNYXRlam92c2t5XzIwMTQucGRmAA4AKAATAE0AYQB0AGUAagBvAHYAcwBrAHkAXwAyADAAMQA0AC4AcABkAGYADwAaAAwATQBhAGMAaQBuAHQAbwBzAGgAIABIAEQAEgBIVXNlcnMvcXVpbm5iYXR0ZW4vRG9jdW1lbnRzL0NvbGxlZ2UvQ29tcHMvT2xkL1JkaW5ncy9NYXRlam92c2t5XzIwMTQucGRmABMAAS8AABUAAgAS//8AAIAG0hscHR5aJGNsYXNzbmFtZVgkY2xhc3Nlc11OU011dGFibGVEYXRhox0fIFZOU0RhdGFYTlNPYmplY3TSGxwiI1xOU0RpY3Rpb25hcnmiIiBfEA9OU0tleWVkQXJjaGl2ZXLRJidUcm9vdIABAAgAEQAaACMALQAyADcAQABGAE0AVQBgAGcAagBsAG4AcQBzAHUAdwCEAI4ArwC0ALwCngKgAqUCsAK5AscCywLSAtsC4ALtAvADAgMFAwoAAAAAAAACAQAAAAAAAAAoAAAAAAAAAAAAAAAAAAADDA==},
	Bdsk-Url-1 = {http://dx.doi.org/10.1111/grow.12055}}

@article{ngperron95,
	Author = {Ng, Serena, and Pierre Perron},
	Date-Added = {2017-02-24 03:04:40 +0000},
	Date-Modified = {2017-02-24 03:32:53 +0000},
	Journal = {Journal of the American Statistical Association},
	Number = {429},
	Pages = {268-281},
	Title = {Unit Root Tests in ARMA Models with Data-Dependent Methods for the Selection of the Truncation Lag},
	Volume = {90},
	Year = {1995},
	Bdsk-File-1 = {YnBsaXN0MDDUAQIDBAUGJCVYJHZlcnNpb25YJG9iamVjdHNZJGFyY2hpdmVyVCR0b3ASAAGGoKgHCBMUFRYaIVUkbnVsbNMJCgsMDxJXTlMua2V5c1pOUy5vYmplY3RzViRjbGFzc6INDoACgAOiEBGABIAFgAdccmVsYXRpdmVQYXRoWWFsaWFzRGF0YV8QHE9sZC9SZGluZ3MvTmdQZXJyb25fMTk5NS5wZGbSFwsYGVdOUy5kYXRhTxEB1gAAAAAB1gACAAAMTWFjaW50b3NoIEhEAAAAAAAAAAAAAAAAAAAAzWTEikgrAAABcXzREU5nUGVycm9uXzE5OTUucGRmAAAAAAAAAAAAAAAAAAAAAAAAAAAAAAAAAAAAAAAAAAAAAAAAAAAAAAAAAAAAAAFxtp/UyoGxAAAAAAAAAAAAAQAEAAAJIAAAAAAAAAAAAAAAAAAAAAZSZGluZ3MAEAAIAADNZQraAAAAEQAIAADUytYRAAAAAQAcAXF80QF3X+0BcXwWAA3urwAFxMkABcTIAAIQ6QACAFpNYWNpbnRvc2ggSEQ6VXNlcnM6AHF1aW5uYmF0dGVuOgBEb2N1bWVudHM6AENvbGxlZ2U6AENvbXBzOgBPbGQ6AFJkaW5nczoATmdQZXJyb25fMTk5NS5wZGYADgAkABEATgBnAFAAZQByAHIAbwBuAF8AMQA5ADkANQAuAHAAZABmAA8AGgAMAE0AYQBjAGkAbgB0AG8AcwBoACAASABEABIARlVzZXJzL3F1aW5uYmF0dGVuL0RvY3VtZW50cy9Db2xsZWdlL0NvbXBzL09sZC9SZGluZ3MvTmdQZXJyb25fMTk5NS5wZGYAEwABLwAAFQACABL//wAAgAbSGxwdHlokY2xhc3NuYW1lWCRjbGFzc2VzXU5TTXV0YWJsZURhdGGjHR8gVk5TRGF0YVhOU09iamVjdNIbHCIjXE5TRGljdGlvbmFyeaIiIF8QD05TS2V5ZWRBcmNoaXZlctEmJ1Ryb290gAEACAARABoAIwAtADIANwBAAEYATQBVAGAAZwBqAGwAbgBxAHMAdQB3AIQAjgCtALIAugKUApYCmwKmAq8CvQLBAsgC0QLWAuMC5gL4AvsDAAAAAAAAAAIBAAAAAAAAACgAAAAAAAAAAAAAAAAAAAMC}}

@article{pfeiffer00,
	Author = {Pfeiffer, Friedhelm, and Frank Reize},
	Date-Added = {2017-02-24 03:04:40 +0000},
	Date-Modified = {2017-02-24 03:34:30 +0000},
	Journal = {Labour Economics},
	Pages = {629-663},
	Title = {Business Start-ups by the Unemployed --- an Econometric Analyziz Based on Firm Data},
	Volume = {7},
	Year = {2000},
	Bdsk-File-1 = {YnBsaXN0MDDUAQIDBAUGJCVYJHZlcnNpb25YJG9iamVjdHNZJGFyY2hpdmVyVCR0b3ASAAGGoKgHCBMUFRYaIVUkbnVsbNMJCgsMDxJXTlMua2V5c1pOUy5vYmplY3RzViRjbGFzc6INDoACgAOiEBGABIAFgAdccmVsYXRpdmVQYXRoWWFsaWFzRGF0YV8QHE9sZC9SZGluZ3MvUGZlaWZmZXJfMjAwMC5wZGbSFwsYGVdOUy5kYXRhTxEB1gAAAAAB1gACAAAMTWFjaW50b3NoIEhEAAAAAAAAAAAAAAAAAAAAzWTEikgrAAABcXzREVBmZWlmZmVyXzIwMDAucGRmAAAAAAAAAAAAAAAAAAAAAAAAAAAAAAAAAAAAAAAAAAAAAAAAAAAAAAAAAAAAAAFxfVzUpTHxAAAAAAAAAAAAAQAEAAAJIAAAAAAAAAAAAAAAAAAAAAZSZGluZ3MAEAAIAADNZQraAAAAEQAIAADUpYZRAAAAAQAcAXF80QF3X+0BcXwWAA3urwAFxMkABcTIAAIQ6QACAFpNYWNpbnRvc2ggSEQ6VXNlcnM6AHF1aW5uYmF0dGVuOgBEb2N1bWVudHM6AENvbGxlZ2U6AENvbXBzOgBPbGQ6AFJkaW5nczoAUGZlaWZmZXJfMjAwMC5wZGYADgAkABEAUABmAGUAaQBmAGYAZQByAF8AMgAwADAAMAAuAHAAZABmAA8AGgAMAE0AYQBjAGkAbgB0AG8AcwBoACAASABEABIARlVzZXJzL3F1aW5uYmF0dGVuL0RvY3VtZW50cy9Db2xsZWdlL0NvbXBzL09sZC9SZGluZ3MvUGZlaWZmZXJfMjAwMC5wZGYAEwABLwAAFQACABL//wAAgAbSGxwdHlokY2xhc3NuYW1lWCRjbGFzc2VzXU5TTXV0YWJsZURhdGGjHR8gVk5TRGF0YVhOU09iamVjdNIbHCIjXE5TRGljdGlvbmFyeaIiIF8QD05TS2V5ZWRBcmNoaXZlctEmJ1Ryb290gAEACAARABoAIwAtADIANwBAAEYATQBVAGAAZwBqAGwAbgBxAHMAdQB3AIQAjgCtALIAugKUApYCmwKmAq8CvQLBAsgC0QLWAuMC5gL4AvsDAAAAAAAAAAIBAAAAAAAAACgAAAAAAAAAAAAAAAAAAAMC}}

@techreport{plehn12,
	Author = {Jose M. Plehn-Dujowich},
	Date-Added = {2017-02-24 03:04:40 +0000},
	Date-Modified = {2017-02-24 03:37:42 +0000},
	Institution = {U.S. Small Business Administration},
	Number = {394},
	Title = {The Dynamic Relationship Betwen Entrepreneurship, Unemployment, and Growth: Evidence from U.S. Industries},
	Year = {2012},
	Bdsk-File-1 = {YnBsaXN0MDDUAQIDBAUGJCVYJHZlcnNpb25YJG9iamVjdHNZJGFyY2hpdmVyVCR0b3ASAAGGoKgHCBMUFRYaIVUkbnVsbNMJCgsMDxJXTlMua2V5c1pOUy5vYmplY3RzViRjbGFzc6INDoACgAOiEBGABIAFgAdccmVsYXRpdmVQYXRoWWFsaWFzRGF0YV8QFE9sZC9SZGluZ3MvUGxlaG4ucGRm0hcLGBlXTlMuZGF0YU8RAbYAAAAAAbYAAgAADE1hY2ludG9zaCBIRAAAAAAAAAAAAAAAAAAAAM1kxIpIKwAAAXF80QlQbGVobi5wZGYAAAAAAAAAAAAAAAAAAAAAAAAAAAAAAAAAAAAAAAAAAAAAAAAAAAAAAAAAAAAAAAAAAAAAAAABcX1d1CaWggAAAAAAAAAAAAEABAAACSAAAAAAAAAAAAAAAAAAAAAGUmRpbmdzABAACAAAzWUK2gAAABEACAAA1Cbc0gAAAAEAHAFxfNEBd1/tAXF8FgAN7q8ABcTJAAXEyAACEOkAAgBSTWFjaW50b3NoIEhEOlVzZXJzOgBxdWlubmJhdHRlbjoARG9jdW1lbnRzOgBDb2xsZWdlOgBDb21wczoAT2xkOgBSZGluZ3M6AFBsZWhuLnBkZgAOABQACQBQAGwAZQBoAG4ALgBwAGQAZgAPABoADABNAGEAYwBpAG4AdABvAHMAaAAgAEgARAASAD5Vc2Vycy9xdWlubmJhdHRlbi9Eb2N1bWVudHMvQ29sbGVnZS9Db21wcy9PbGQvUmRpbmdzL1BsZWhuLnBkZgATAAEvAAAVAAIAEv//AACABtIbHB0eWiRjbGFzc25hbWVYJGNsYXNzZXNdTlNNdXRhYmxlRGF0YaMdHyBWTlNEYXRhWE5TT2JqZWN00hscIiNcTlNEaWN0aW9uYXJ5oiIgXxAPTlNLZXllZEFyY2hpdmVy0SYnVHJvb3SAAQAIABEAGgAjAC0AMgA3AEAARgBNAFUAYABnAGoAbABuAHEAcwB1AHcAhACOAKUAqgCyAmwCbgJzAn4ChwKVApkCoAKpAq4CuwK+AtAC0wLYAAAAAAAAAgEAAAAAAAAAKAAAAAAAAAAAAAAAAAAAAto=}}

@article{storey91,
	Author = {Storey, D.J.},
	Date-Added = {2017-02-24 03:04:40 +0000},
	Date-Modified = {2017-02-24 03:38:42 +0000},
	Journal = {Small Business Economics},
	Month = {Sep},
	Number = {3},
	Pages = {167-178},
	Title = {The Birth of New Firms: Does Unemployment Matter? A Review of the Evidence},
	Volume = {3},
	Year = {1991},
	Bdsk-File-1 = {YnBsaXN0MDDUAQIDBAUGJCVYJHZlcnNpb25YJG9iamVjdHNZJGFyY2hpdmVyVCR0b3ASAAGGoKgHCBMUFRYaIVUkbnVsbNMJCgsMDxJXTlMua2V5c1pOUy5vYmplY3RzViRjbGFzc6INDoACgAOiEBGABIAFgAdccmVsYXRpdmVQYXRoWWFsaWFzRGF0YV8QGk9sZC9SZGluZ3MvU3RvcmV5XzE5OTEucGRm0hcLGBlXTlMuZGF0YU8RAc4AAAAAAc4AAgAADE1hY2ludG9zaCBIRAAAAAAAAAAAAAAAAAAAAM1kxIpIKwAAAXF80Q9TdG9yZXlfMTk5MS5wZGYAAAAAAAAAAAAAAAAAAAAAAAAAAAAAAAAAAAAAAAAAAAAAAAAAAAAAAAAAAAAAAAABcX1f1IviiQAAAAAAAAAAAAEABAAACSAAAAAAAAAAAAAAAAAAAAAGUmRpbmdzABAACAAAzWUK2gAAABEACAAA1Iw26QAAAAEAHAFxfNEBd1/tAXF8FgAN7q8ABcTJAAXEyAACEOkAAgBYTWFjaW50b3NoIEhEOlVzZXJzOgBxdWlubmJhdHRlbjoARG9jdW1lbnRzOgBDb2xsZWdlOgBDb21wczoAT2xkOgBSZGluZ3M6AFN0b3JleV8xOTkxLnBkZgAOACAADwBTAHQAbwByAGUAeQBfADEAOQA5ADEALgBwAGQAZgAPABoADABNAGEAYwBpAG4AdABvAHMAaAAgAEgARAASAERVc2Vycy9xdWlubmJhdHRlbi9Eb2N1bWVudHMvQ29sbGVnZS9Db21wcy9PbGQvUmRpbmdzL1N0b3JleV8xOTkxLnBkZgATAAEvAAAVAAIAEv//AACABtIbHB0eWiRjbGFzc25hbWVYJGNsYXNzZXNdTlNNdXRhYmxlRGF0YaMdHyBWTlNEYXRhWE5TT2JqZWN00hscIiNcTlNEaWN0aW9uYXJ5oiIgXxAPTlNLZXllZEFyY2hpdmVy0SYnVHJvb3SAAQAIABEAGgAjAC0AMgA3AEAARgBNAFUAYABnAGoAbABuAHEAcwB1AHcAhACOAKsAsAC4AooCjAKRApwCpQKzArcCvgLHAswC2QLcAu4C8QL2AAAAAAAAAgEAAAAAAAAAKAAAAAAAAAAAAAAAAAAAAvg=}}

@article{thurik08,
	Author = {Thurik, A. Roy, and Martin A. Carree, and Andr{\'e} van Stel, and David B. Audretsch},
	Date-Added = {2017-02-24 03:04:40 +0000},
	Date-Modified = {2017-02-24 03:10:01 +0000},
	Journal = {Journal of Business Venturing},
	Pages = {673--686},
	Title = {Does Self-Employment Reduce Unemployment?},
	Volume = {23},
	Year = {2008},
	Bdsk-File-1 = {YnBsaXN0MDDUAQIDBAUGJCVYJHZlcnNpb25YJG9iamVjdHNZJGFyY2hpdmVyVCR0b3ASAAGGoKgHCBMUFRYaIVUkbnVsbNMJCgsMDxJXTlMua2V5c1pOUy5vYmplY3RzViRjbGFzc6INDoACgAOiEBGABIAFgAdccmVsYXRpdmVQYXRoWWFsaWFzRGF0YV8QGk9sZC9SZGluZ3MvVGh1cmlrXzIwMDgucGRm0hcLGBlXTlMuZGF0YU8RAc4AAAAAAc4AAgAADE1hY2ludG9zaCBIRAAAAAAAAAAAAAAAAAAAAM1kxIpIKwAAAXF80Q9UaHVyaWtfMjAwOC5wZGYAAAAAAAAAAAAAAAAAAAAAAAAAAAAAAAAAAAAAAAAAAAAAAAAAAAAAAAAAAAAAAAABcX1i1CaWnwAAAAAAAAAAAAEABAAACSAAAAAAAAAAAAAAAAAAAAAGUmRpbmdzABAACAAAzWUK2gAAABEACAAA1Cbc7wAAAAEAHAFxfNEBd1/tAXF8FgAN7q8ABcTJAAXEyAACEOkAAgBYTWFjaW50b3NoIEhEOlVzZXJzOgBxdWlubmJhdHRlbjoARG9jdW1lbnRzOgBDb2xsZWdlOgBDb21wczoAT2xkOgBSZGluZ3M6AFRodXJpa18yMDA4LnBkZgAOACAADwBUAGgAdQByAGkAawBfADIAMAAwADgALgBwAGQAZgAPABoADABNAGEAYwBpAG4AdABvAHMAaAAgAEgARAASAERVc2Vycy9xdWlubmJhdHRlbi9Eb2N1bWVudHMvQ29sbGVnZS9Db21wcy9PbGQvUmRpbmdzL1RodXJpa18yMDA4LnBkZgATAAEvAAAVAAIAEv//AACABtIbHB0eWiRjbGFzc25hbWVYJGNsYXNzZXNdTlNNdXRhYmxlRGF0YaMdHyBWTlNEYXRhWE5TT2JqZWN00hscIiNcTlNEaWN0aW9uYXJ5oiIgXxAPTlNLZXllZEFyY2hpdmVy0SYnVHJvb3SAAQAIABEAGgAjAC0AMgA3AEAARgBNAFUAYABnAGoAbABuAHEAcwB1AHcAhACOAKsAsAC4AooCjAKRApwCpQKzArcCvgLHAswC2QLcAu4C8QL2AAAAAAAAAgEAAAAAAAAAKAAAAAAAAAAAAAAAAAAAAvg=}}

@techreport{koellinger09,
	Author = {Koellinger, P.D., and A.R. Thurik},
	Date-Added = {2017-02-24 03:04:40 +0000},
	Date-Modified = {2017-02-24 06:25:57 +0000},
	Institution = {Tinbergen Institute},
	Title = {Entrepreneurship and the Business Cycle},
	Type = {Discussion Paper},
	Year = {2009},
	Bdsk-File-1 = {YnBsaXN0MDDUAQIDBAUGJCVYJHZlcnNpb25YJG9iamVjdHNZJGFyY2hpdmVyVCR0b3ASAAGGoKgHCBMUFRYaIVUkbnVsbNMJCgsMDxJXTlMua2V5c1pOUy5vYmplY3RzViRjbGFzc6INDoACgAOiEBGABIAFgAdccmVsYXRpdmVQYXRoWWFsaWFzRGF0YV8QGk9sZC9SZGluZ3MvVGh1cmlrXzIwMDkucGRm0hcLGBlXTlMuZGF0YU8RAc4AAAAAAc4AAgAADE1hY2ludG9zaCBIRAAAAAAAAAAAAAAAAAAAAM1kxIpIKwAAAXF80Q9UaHVyaWtfMjAwOS5wZGYAAAAAAAAAAAAAAAAAAAAAAAAAAAAAAAAAAAAAAAAAAAAAAAAAAAAAAAAAAAAAAAABcX1j1CfgtQAAAAAAAAAAAAEABAAACSAAAAAAAAAAAAAAAAAAAAAGUmRpbmdzABAACAAAzWUK2gAAABEACAAA1CgnBQAAAAEAHAFxfNEBd1/tAXF8FgAN7q8ABcTJAAXEyAACEOkAAgBYTWFjaW50b3NoIEhEOlVzZXJzOgBxdWlubmJhdHRlbjoARG9jdW1lbnRzOgBDb2xsZWdlOgBDb21wczoAT2xkOgBSZGluZ3M6AFRodXJpa18yMDA5LnBkZgAOACAADwBUAGgAdQByAGkAawBfADIAMAAwADkALgBwAGQAZgAPABoADABNAGEAYwBpAG4AdABvAHMAaAAgAEgARAASAERVc2Vycy9xdWlubmJhdHRlbi9Eb2N1bWVudHMvQ29sbGVnZS9Db21wcy9PbGQvUmRpbmdzL1RodXJpa18yMDA5LnBkZgATAAEvAAAVAAIAEv//AACABtIbHB0eWiRjbGFzc25hbWVYJGNsYXNzZXNdTlNNdXRhYmxlRGF0YaMdHyBWTlNEYXRhWE5TT2JqZWN00hscIiNcTlNEaWN0aW9uYXJ5oiIgXxAPTlNLZXllZEFyY2hpdmVy0SYnVHJvb3SAAQAIABEAGgAjAC0AMgA3AEAARgBNAFUAYABnAGoAbABuAHEAcwB1AHcAhACOAKsAsAC4AooCjAKRApwCpQKzArcCvgLHAswC2QLcAu4C8QL2AAAAAAAAAgEAAAAAAAAAKAAAAAAAAAAAAAAAAAAAAvg=}}
